@misc{furberg_2016_53894,
  author       = {Furberg, Robert and
                  Brinton, Julia and
                  Keating, Michael  and
                  Ortiz, Alexa},
  title        = {{Crowd-sourced Fitbit datasets 
                   03.12.2016-05.12.2016}},
  month        = jun,
  year         = 2016,
  publisher    = {Zenodo},
  doi          = {10.5281/zenodo.53894},
  url          = {https://doi.org/10.5281/zenodo.53894}
}

@article{10.1214/19-STS757,
author = {Peter Hoff},
title = {{Additive and Multiplicative Effects Network Models}},
volume = {36},
journal = {Statistical Science},
number = {1},
publisher = {Institute of Mathematical Statistics},
pages = {34 -- 50},
keywords = {Bayesian, factor model, generalized linear model, latent variable, matrix decomposition, Mixed effects model},
year = {2021},
doi = {10.1214/19-STS757},
URL = {https://doi.org/10.1214/19-STS757}
}

@article{newey1987asymmetric,
  title={Asymmetric least squares estimation and testing},
  author={Newey, Whitney K and Powell, James L},
  journal={Econometrica: Journal of the Econometric Society},
  pages={819--847},
  year={1987},
  publisher={JSTOR}
}

@article{philipps2021expectile,
  title={When is an Expectile the Best Linear Unbiased Estimator?},
  author={Philipps, Collin},
  journal={Available at SSRN 3881181},
  year={2021}
}

@inproceedings{pennington2014glove,
  title={Glove: Global vectors for word representation},
  author={Pennington, Jeffrey and Socher, Richard and Manning, Christopher D},
  booktitle={Proceedings of the 2014 conference on empirical methods in natural language processing (EMNLP)},
  pages={1532--1543},
  year={2014}
}

@article{koo2016guideline,
  title={A guideline of selecting and reporting intraclass correlation coefficients for reliability research},
  author={Koo, Terry K and Li, Mae Y},
  journal={Journal of chiropractic medicine},
  volume={15},
  number={2},
  pages={155--163},
  year={2016},
  publisher={Elsevier}
}

@article{donner1980estimation,
  title={The estimation of intraclass correlation in the analysis of family data},
  author={Donner, Allan and Koval, John J},
  journal={Biometrics},
  pages={19--25},
  year={1980},
  publisher={JSTOR}
}

@article{donner1986review,
  title={A review of inference procedures for the intraclass correlation coefficient in the one-way random effects model},
  author={Donner, Allan},
  journal={International Statistical Review/Revue Internationale de Statistique},
  pages={67--82},
  year={1986},
  publisher={JSTOR}
}

@article{35d0019d-775a-3628-b0b4-67be112e346b,
 ISSN = {00255718, 10886842},
 URL = {http://www.jstor.org/stable/2004873},
 author = {Donald Goldfarb},
 journal = {Mathematics of Computation},
 number = {109},
 pages = {23--26},
 publisher = {American Mathematical Society},
 title = {A Family of Variable-Metric Methods Derived by Variational Means},
 urldate = {2024-12-05},
 volume = {24},
 year = {1970}
}

@article{liu1989limited,
  title={On the limited memory BFGS method for large scale optimization},
  author={Liu, Dong C and Nocedal, Jorge},
  journal={Mathematical programming},
  volume={45},
  number={1},
  pages={503--528},
  year={1989},
  publisher={Springer}
}

@book{hestenes1952methods,
  title={Methods of conjugate gradients for solving linear systems},
  author={Hestenes, Magnus Rudolph and Stiefel, Eduard and others},
  year={1952},
  publisher={NBS Washington, DC}
}